@online{opencv,
    title={OpenCV},
    url={https://opencv.org/},
    urldate={2025-04-19},
    year={2025}
}

@online{pyautogui,
    title={PyAutoGUI},
    url={https://pyautogui.readthedocs.io/en/latest/},
    urldate={2025-04-19},
    year={2019}
}

@online{gesture_recognizer,
    title={Gesture recognition task guide},
    url={https://ai.google.dev/edge/mediapipe/solutions/vision/gesture_recognizer},
    urldate={2025-04-19},
    year={2025}
}

@misc{zimmermann2017learningestimate3dhand,
      title={Learning to Estimate 3D Hand Pose from Single RGB Images},
      author={Christian Zimmermann and Thomas Brox},
      year={2017},
      eprint={1705.01389},
      archivePrefix={arXiv},
      primaryClass={cs.CV},
      url={https://arxiv.org/abs/1705.01389},
}

@inproceedings{Alexander_2024,
   title={HaGRID - HAnd Gesture Recognition Image Dataset},
   DOI={10.1109/wacv57701.2024.00451},
   booktitle={2024 IEEE/CVF Winter Conference on Applications of Computer Vision (WACV)},
   publisher={IEEE},
   author={Alexander, Kapitanov and Karina, Kvanchiani and Alexander, Nagaev and Roman, Kraynov and Andrei, Makhliarchuk},
   year={2024},
   month={jan} }

@misc{nuzhdin2024hagridv21mimagesstatic,
   title={HaGRIDv2: 1M Images for Static and Dynamic Hand Gesture Recognition},
   author={Anton Nuzhdin and Alexander Nagaev and Alexander Sautin and Alexander Kapitanov and Karina Kvanchiani},
   year={2024},
   eprint={2412.01508},
   archivePrefix={arXiv},
   primaryClass={cs.CV},
   url={https://arxiv.org/abs/2412.01508},
}